%% This BibTeX bibliography file was created using BibDesk.
%% http://bibdesk.sourceforge.net/


%% Created for Franco Rom√°n Meola at 2016-07-19 23:05:04 -0300 


%% Saved with string encoding Unicode (UTF-8) 



@article{ai,
	Author = {Buckland, Mat},
	Date-Added = {2016-07-20 02:04:55 +0000},
	Date-Modified = {2016-07-20 02:05:04 +0000},
	Journal = {Programming Game AI by Example, Wordware Publishing},
	Title = {Chapter 3: How to Create Autonomously Moving Game Agents},
	Year = {2005}}

@article{parisi,
	Author = {Baglietto, Gabriel and Parisi, Daniel R},
	Date-Added = {2016-07-20 02:03:29 +0000},
	Date-Modified = {2016-07-20 02:03:34 +0000},
	Journal = {Physical Review E},
	Number = {5},
	Pages = {056117},
	Publisher = {APS},
	Title = {Continuous-space automaton model for pedestrian dynamics},
	Volume = {83},
	Year = {2011}}
